@book{zienkiewicz2013,
 author  ={zienkiewicz, O.C. and Taylor, R.L.},
 title   ={The Finite Element Method Its Basis and Fundamentals},
 organization={Elsevier},
 address ={Oxforda},
 publisher={Elsevier},
 pages   =714,
 number  =1,
 year ={2013}
}
@book{Holzapfel,
	author  ={Gerhard A. Holzapfel},
	title   ={Nonlinear solid mechanics: A continuum approach for engineering},
	organization={Graz University of Technology, Austria},
	address ={Chichester West Sussex England},
	publisher={John Wiley and Sons LTD},
	pages   =439,
	isbn ={ 0-471-82304-X},
	year ={2000}
}
@book{Paulo,
	author  ={Mendonça, Paulo de Tarso R.},
	title   ={O método dos Elementos Finitos aplicado à Mecânica dos Sólidos},
	organization={Universidade Federal de Santa Catarina, UFSC},
	address ={Florianópolis,Santa Catarina,Brasil},
	publisher={Editora Orsa Maggiore},
	pages   =690,
	number  =1,
	isbn ={978-85-907153-1-3},
	year ={2019}
}
@article{CloughFEA,
	author  ={R.W. Clough},
	title   ={ The finite element method in plane stress analysis},
	journal ={ in: Proceedings
	of the Second ASCE Conference on Electronic Computation},
	address ={Pittsburgh,PA},
	urlaccessdate={},
	year    ={1960}
}
@article{Rayleigh,
	author  ={Lord Rayleigh},
	title   ={On the theory of resonance},
	journal ={Trans.R.Soc.},
	section ={},
	address ={London, UK},
	urlaccessdate={},
	year    ={1870}
}
@article{Galerkin,
	author  ={B.G. Galerkin},
	title   ={Series solution of some problems in elastic equilibrium of rods
	and plates},
	journal ={Vestn. Inzh. Tech. 19},
	urlaccessdate={},
	year    ={1915}
}
@book{Zukas,
	author  ={Jonas A. Zukas},
	title   ={Introduction to Hydrocodes},
	organization={Computational Mechanics Associates},
	address ={Baltimore, USA},
	publisher={Elsevier},
	pages   =313,
	series  ={Studies in Applied Mechanics 49},
	number  =1,
	isbn ={},
	year ={2004}
}
@book{Hazell,
	author  ={Paul J. Hazell},
	title   ={Armor	 Materials, Theory and Design},
	organization={The University of new south wales},
	address ={Canberra, Australia},
	publisher={CRC Press},
	pages   =360,
	year ={2016}
}
@article{Lantada,
	author  ={Juan C.A. Elipe, Andés D. Lantada},
	title   ={Comparative study of auxetic geometries by means of computer-aided design and engineering},
	journal ={Smart Materials and Structures},
	year    ={2012}
}
@article{EstruturaS,
	author = {Kusum Meena, Sarat Singamneni},
	title = {A new auxetic structure with significantly reduced stress concentration effects},
	journaltitle = {Materials and Design},
	date = {5 July 2019},
}
@book{Crouch,
	author = {Ian G. Crouch},
	title = {The Science of Armour Materials},
	OPTeditor = {Elsevier},
	year = {2017}
}
@book{Steinberg,
	author = {Daniel J. Steinberg},
	title = {Equation of state and strength properties of selected materials},
	OPTeditor = { Lawrence Livermore National Laboratory},
	year = {1996}
}
@article{Aluminaref,
	author = {Charles E. Anderson, Jr.},
	title = {Investigation of the ballistic response of brittle materials},
	type = {Technical Report},
	institution = {U.S. Army Research Office},
	date = {November, 1995}
}
@thesis{wcref,
	author = {Shannon R. Lemanski},
title = {Computational Modelling of a Tungsten Carbide
Projectile into Ceramic Faced Armour},
	type = {Master},
	institution = {University of New South Wales at the Australian Defence Force Academy
	},
	date = {2013},
}
@book{hiermaier_2008, place={Boston, MA}, title={Structures under crash and impact: continuum mechanics, discretization and experimental characterization}, publisher={Springer}, author={Hiermaier, Stefan Josef.}, year={2008}}
@book{tadmor_miller_elliott_2012, place={Cambridge}, title={Continuum mechanics and thermodynamics: from fundamental concepts to governing equations}, publisher={Cambridge University Press}, author={Tadmor, Ellad B. and Miller, Ronald E. and Elliott, Ryan S.}, year={2012}}
@book{gurtin_fried_anand_2013, place={Cambridge}, title={The mechanics and thermodynamics of continua}, publisher={Cambridge University Press}, author={Gurtin, Morton E. and Fried, Eliot and Anand, Lallit}, year={2013}} 

@book{neto_peric_owens_2008, place={Hoboken (New Jersey)}, title={Computational methods for plasticity: theory and applications}, publisher={Wiley}, author={Neto, Eduardo de Souza. and Peric, Djordje and Owens, David}, year={2008}}

@book{hill,
   title =     {The mathematical theory of plasticity},
   author =    {R. Hill},
   publisher = {Clarendon Press; Oxford University Press},
   isbn =      {0198503679,9780198503675},
   year =      {1998},
   series =    {Oxford engineering science series Oxford classic texts in the physical sciences 11}}
   
   @book{rao_narayanamurthy_simha_2016, place={New York}, title={Applied impact mechanics}, publisher={Wiley}, author={Rao, C. Lakshmana. and Narayanamurthy, V. and Simha, K. R. Y.}, year={2016}} 
   
   @report{JH2Imp,
   author = {George A. Gazonas},
   title = {Implementation of the Johnson-Holmquist II (JH-2) constitutive model into DYNA3D},
   adress = {Aberdeen Proving Ground},
   number  = {ARL-TR-2699},
   year = {2002}
   }
   
   @article{holmquist_johnson_2002, title={Response of silicon carbide to high velocity impact}, volume={91}, DOI={10.1063/1.1468903}, number={9}, journal={Journal of Applied Physics}, author={Holmquist, Timothy J. and Johnson, Gordon R.}, year={2002}, pages={5858–5866}}
   
   @article{johnson_holmquist_1999, title={Response of boron carbide subjected to large strains, high strain rates, and high pressures}, volume={85}, DOI={10.1063/1.370643}, number={12}, journal={Journal of Applied Physics}, author={Johnson, Gordon R. and Holmquist, Tim J.}, year={1999}, pages={8060–8073}} 
   
   @article{johnson_holmquist_1994, title={An improved computational constitutive model for brittle materials}, DOI={10.1063/1.46199}, journal={AIP Conference Proceedings}, author={Johnson, Gordon R. and Holmquist, Tim J.}, year={1994}} 
   
   @Article{BangerthHartmannKanschat2007,
        author  = {W. Bangerth and R. Hartmann and G. Kanschat},
        title   = {{deal.II} -- a General Purpose Object
                   Oriented Finite Element Library},
        journal = {ACM Trans. Math. Softw.},
        year    = {2007},
        volume  = {33},
        number  = {4},
        pages   = {24/1--24/27}
      }
   
   @book{theorymanls,
   title =     {LS-Dyna Theory Manual},
   author =    {John O. Hallquist},
   publisher = {Livermore Software Technology Corporation},
   year =      {2019},}
   
   @report{firstreport,
   author = {M. Wilkins, C. Honodel, D. Sawle},
   title = {An approach to the study of light armor},
   number  = {UCRL-50284},
   year = {1967}
   }
   
   @article{johnson_2011, title={Numerical algorithms and material models for high-velocity impact computations}, volume={38}, DOI={10.1016/j.ijimpeng.2010.10.017}, number={6}, journal={International Journal of Impact Engineering}, author={Johnson, Gordon R.}, year={2011}, pages={456–472}}
   
   @thesis{neckel,
	author = {Leandro Neckel},
title = {MODELAMENTO E SIMULAÇÃO DE IMPACTO BALÍSTICO EM SISTEMA CERÂMICA-METAL},
	type = {Master},
	institution = {Universidade Federal de Santa Catarina},
	date = {2012},}
	
	@article{neckel_hotza_stainer_janssen_al-qureshi_2013, title={Modelling of Ballistic Impact over a Ceramic-Metal Protection System}, volume={2013}, DOI={10.1155/2013/698476}, journal={Advances in Materials Science and Engineering}, author={Neckel, Leandro and Hotza, Dachamir and Stainer, Daniel and Janssen, Rolf and Al-Qureshi, Hazim Ali}, year={2013}, pages={1–8}}
	
	@article{anderson, title={A Review of Computational Ceramic Armor Modeling}, DOI={10.1002/9780470291368.ch1}, journal={Advances in Ceramic Armor II: Ceramic Engineering and Science Proceedings, Volume 27, Issue 7 Ceramic Engineering and Science Proceedings}, author={Anderson, Charles E.}, pages={1–18}}
	
	@article{kaufmann_cronin_worswick_pageau_beth_2003, title={Influence of Material Properties on the Ballistic Performance of Ceramics for Personal Body Armour}, volume={10}, DOI={10.1155/2003/357637}, number={1}, journal={Shock and Vibration}, author={Kaufmann, Christian and Cronin, Duane and Worswick, Michael and Pageau, Gilles and Beth, Andre}, year={2003}, pages={51–58}}
	
	@thesis{reijel,
	author = {P.C. Den Reijer},
title = {Impact on ceramic faced armor},
	type = {PhD},
	institution = {Delft University},
	date = {1991}}
	
	@article{shockey_marchand_skaggs_cort_burkett_parker_1990, title={Failure phenomenology of confined ceramic targets and impacting rods}, volume={9}, DOI={10.1016/0734-743x(90)90002-d}, number={3}, journal={International Journal of Impact Engineering}, author={Shockey, Donald A. and Marchand, A.h. and Skaggs, S.r. and Cort, G.e. and Burkett, M.w. and Parker, R.}, year={1990}, pages={263–275}} 